%YAML 1.1
%TAG !u! tag:unity3d.com,2011:
--- !u!29 &1
OcclusionCullingSettings:
  m_ObjectHideFlags: 0
  serializedVersion: 2
  m_OcclusionBakeSettings:
    smallestOccluder: 5
    smallestHole: 0.25
    backfaceThreshold: 100
  m_SceneGUID: 00000000000000000000000000000000
  m_OcclusionCullingData: {fileID: 0}
--- !u!104 &2
RenderSettings:
  m_ObjectHideFlags: 0
  serializedVersion: 9
  m_Fog: 0
  m_FogColor: {r: 0.5, g: 0.5, b: 0.5, a: 1}
  m_FogMode: 3
  m_FogDensity: 0.01
  m_LinearFogStart: 0
  m_LinearFogEnd: 300
  m_AmbientSkyColor: {r: 0.1, g: 0.1, b: 0.1, a: 1}
  m_AmbientEquatorColor: {r: 0.114, g: 0.125, b: 0.133, a: 1}
  m_AmbientGroundColor: {r: 0.047, g: 0.043, b: 0.035, a: 1}
  m_AmbientIntensity: 1
  m_AmbientMode: 4
  m_SubtractiveShadowColor: {r: 0.42, g: 0.478, b: 0.627, a: 1}
  m_SkyboxMaterial: {fileID: 0}
  m_HaloStrength: 0.5
  m_FlareStrength: 1
  m_FlareFadeSpeed: 3
  m_HaloTexture: {fileID: 0}
  m_SpotCookie: {fileID: 10001, guid: 0000000000000000e000000000000000, type: 0}
  m_DefaultReflectionMode: 0
  m_DefaultReflectionResolution: 128
  m_ReflectionBounces: 1
  m_ReflectionIntensity: 1
  m_CustomReflection: {fileID: 0}
  m_Sun: {fileID: 0}
  m_IndirectSpecularColor: {r: 0, g: 0, b: 0, a: 1}
  m_UseRadianceAmbientProbe: 0
--- !u!157 &3
LightmapSettings:
  m_ObjectHideFlags: 0
  serializedVersion: 11
  m_GIWorkflowMode: 1
  m_GISettings:
    serializedVersion: 2
    m_BounceScale: 1
    m_IndirectOutputScale: 1
    m_AlbedoBoost: 1
    m_TemporalCoherenceThreshold: 1
    m_EnvironmentLightingMode: 0
    m_EnableBakedLightmaps: 0
    m_EnableRealtimeLightmaps: 0
  m_LightmapEditorSettings:
    serializedVersion: 10
    m_Resolution: 2
    m_BakeResolution: 40
    m_AtlasSize: 1024
    m_AO: 0
    m_AOMaxDistance: 1
    m_CompAOExponent: 1
    m_CompAOExponentDirect: 0
    m_Padding: 2
    m_LightmapParameters: {fileID: 0}
    m_LightmapsBakeMode: 1
    m_TextureCompression: 1
    m_FinalGather: 0
    m_FinalGatherFiltering: 1
    m_FinalGatherRayCount: 256
    m_ReflectionCompression: 2
    m_MixedBakeMode: 2
    m_BakeBackend: 0
    m_PVRSampling: 1
    m_PVRDirectSampleCount: 32
    m_PVRSampleCount: 500
    m_PVRBounces: 2
    m_PVRFilterTypeDirect: 0
    m_PVRFilterTypeIndirect: 0
    m_PVRFilterTypeAO: 0
    m_PVRFilteringMode: 1
    m_PVRCulling: 1
    m_PVRFilteringGaussRadiusDirect: 1
    m_PVRFilteringGaussRadiusIndirect: 5
    m_PVRFilteringGaussRadiusAO: 2
    m_PVRFilteringAtrousPositionSigmaDirect: 0.5
    m_PVRFilteringAtrousPositionSigmaIndirect: 2
    m_PVRFilteringAtrousPositionSigmaAO: 1
    m_ShowResolutionOverlay: 1
  m_LightingDataAsset: {fileID: 0}
  m_UseShadowmask: 1
--- !u!196 &4
NavMeshSettings:
  serializedVersion: 2
  m_ObjectHideFlags: 0
  m_BuildSettings:
    serializedVersion: 2
    agentTypeID: 0
    agentRadius: 0.5
    agentHeight: 2
    agentSlope: 45
    agentClimb: 0.4
    ledgeDropHeight: 0
    maxJumpAcrossDistance: 0
    minRegionArea: 2
    manualCellSize: 0
    cellSize: 0.16666667
    manualTileSize: 0
    tileSize: 256
    accuratePlacement: 0
    debug:
      m_Flags: 0
  m_NavMeshData: {fileID: 0}
--- !u!1 &27514271
GameObject:
  m_ObjectHideFlags: 0
  m_CorrespondingSourceObject: {fileID: 1469713891050882, guid: 5d3f36428d83bae45b180466cc3d6033,
    type: 2}
  m_PrefabInternal: {fileID: 0}
  serializedVersion: 6
  m_Component:
  - component: {fileID: 27514272}
  - component: {fileID: 27514273}
  m_Layer: 0
  m_Name: Pools
  m_TagString: Untagged
  m_Icon: {fileID: 0}
  m_NavMeshLayer: 0
  m_StaticEditorFlags: 0
  m_IsActive: 1
--- !u!4 &27514272
Transform:
  m_ObjectHideFlags: 0
  m_CorrespondingSourceObject: {fileID: 4141175608159850, guid: 5d3f36428d83bae45b180466cc3d6033,
    type: 2}
  m_PrefabInternal: {fileID: 0}
  m_GameObject: {fileID: 27514271}
  m_LocalRotation: {x: -0, y: -0, z: -0, w: 1}
  m_LocalPosition: {x: 4.287257, y: -0.9221699, z: -0.119877435}
  m_LocalScale: {x: 1, y: 1, z: 1}
  m_Children:
  - {fileID: 1382083199}
  - {fileID: 1284721927}
  - {fileID: 1929079096}
  - {fileID: 272135449}
  m_Father: {fileID: 976522026}
  m_RootOrder: 6
  m_LocalEulerAnglesHint: {x: 0, y: 0, z: 0}
--- !u!114 &27514273
MonoBehaviour:
  m_ObjectHideFlags: 0
  m_CorrespondingSourceObject: {fileID: 114772419908036006, guid: 5d3f36428d83bae45b180466cc3d6033,
    type: 2}
  m_PrefabInternal: {fileID: 0}
  m_GameObject: {fileID: 27514271}
  m_Enabled: 1
  m_EditorHideFlags: 0
  m_Script: {fileID: 11500000, guid: 9bb1f14b7d3e8fd44a444cd94f3534bd, type: 3}
  m_Name: 
  m_EditorClassIdentifier: 
  projectilePooler: {fileID: 1382083200}
  iceShardPooler: {fileID: 1284721928}
  windVortexPooler: {fileID: 272135450}
--- !u!1001 &116315802
Prefab:
  m_ObjectHideFlags: 0
  serializedVersion: 2
  m_Modification:
    m_TransformParent: {fileID: 0}
    m_Modifications:
    - target: {fileID: 4709559526238864, guid: 27a5be1780bad0a4eb1c60b907910a9e, type: 2}
      propertyPath: m_LocalPosition.x
      value: -11.04
      objectReference: {fileID: 0}
    - target: {fileID: 4709559526238864, guid: 27a5be1780bad0a4eb1c60b907910a9e, type: 2}
      propertyPath: m_LocalPosition.y
      value: -1.87
      objectReference: {fileID: 0}
    - target: {fileID: 4709559526238864, guid: 27a5be1780bad0a4eb1c60b907910a9e, type: 2}
      propertyPath: m_LocalPosition.z
      value: 1.5330999
      objectReference: {fileID: 0}
    - target: {fileID: 4709559526238864, guid: 27a5be1780bad0a4eb1c60b907910a9e, type: 2}
      propertyPath: m_LocalRotation.x
      value: -0
      objectReference: {fileID: 0}
    - target: {fileID: 4709559526238864, guid: 27a5be1780bad0a4eb1c60b907910a9e, type: 2}
      propertyPath: m_LocalRotation.y
      value: -0
      objectReference: {fileID: 0}
    - target: {fileID: 4709559526238864, guid: 27a5be1780bad0a4eb1c60b907910a9e, type: 2}
      propertyPath: m_LocalRotation.z
      value: -0
      objectReference: {fileID: 0}
    - target: {fileID: 4709559526238864, guid: 27a5be1780bad0a4eb1c60b907910a9e, type: 2}
      propertyPath: m_LocalRotation.w
      value: 1
      objectReference: {fileID: 0}
    - target: {fileID: 4709559526238864, guid: 27a5be1780bad0a4eb1c60b907910a9e, type: 2}
      propertyPath: m_RootOrder
      value: 2
      objectReference: {fileID: 0}
    - target: {fileID: 114875795784488936, guid: 27a5be1780bad0a4eb1c60b907910a9e,
        type: 2}
      propertyPath: followCam
      value: 
      objectReference: {fileID: 413034749}
    - target: {fileID: 114875795784488936, guid: 27a5be1780bad0a4eb1c60b907910a9e,
        type: 2}
      propertyPath: currentCheckpoint
      value: 
      objectReference: {fileID: 722432220}
    - target: {fileID: 137256342402424548, guid: 27a5be1780bad0a4eb1c60b907910a9e,
        type: 2}
      propertyPath: m_Mesh
      value: 
      objectReference: {fileID: 0}
    - target: {fileID: 137830047440850154, guid: 27a5be1780bad0a4eb1c60b907910a9e,
        type: 2}
      propertyPath: m_Mesh
      value: 
      objectReference: {fileID: 0}
    - target: {fileID: 137821910314540320, guid: 27a5be1780bad0a4eb1c60b907910a9e,
        type: 2}
      propertyPath: m_Mesh
      value: 
      objectReference: {fileID: 0}
    - target: {fileID: 137248484428963170, guid: 27a5be1780bad0a4eb1c60b907910a9e,
        type: 2}
      propertyPath: m_Mesh
      value: 
      objectReference: {fileID: 0}
    - target: {fileID: 137967619372903710, guid: 27a5be1780bad0a4eb1c60b907910a9e,
        type: 2}
      propertyPath: m_Mesh
      value: 
      objectReference: {fileID: 0}
    - target: {fileID: 137549450649301528, guid: 27a5be1780bad0a4eb1c60b907910a9e,
        type: 2}
      propertyPath: m_Mesh
      value: 
      objectReference: {fileID: 0}
    - target: {fileID: 137495615914285946, guid: 27a5be1780bad0a4eb1c60b907910a9e,
        type: 2}
      propertyPath: m_Mesh
      value: 
      objectReference: {fileID: 0}
    - target: {fileID: 137517151860331254, guid: 27a5be1780bad0a4eb1c60b907910a9e,
        type: 2}
      propertyPath: m_Mesh
      value: 
      objectReference: {fileID: 0}
    - target: {fileID: 137265573483160466, guid: 27a5be1780bad0a4eb1c60b907910a9e,
        type: 2}
      propertyPath: m_Mesh
      value: 
      objectReference: {fileID: 0}
    - target: {fileID: 137079186974186066, guid: 27a5be1780bad0a4eb1c60b907910a9e,
        type: 2}
      propertyPath: m_Mesh
      value: 
      objectReference: {fileID: 0}
    - target: {fileID: 137264526611089160, guid: 27a5be1780bad0a4eb1c60b907910a9e,
        type: 2}
      propertyPath: m_Mesh
      value: 
      objectReference: {fileID: 0}
    - target: {fileID: 4826072901777920, guid: 27a5be1780bad0a4eb1c60b907910a9e, type: 2}
      propertyPath: m_LocalRotation.z
      value: 0.5527756
      objectReference: {fileID: 0}
    - target: {fileID: 4826072901777920, guid: 27a5be1780bad0a4eb1c60b907910a9e, type: 2}
      propertyPath: m_LocalRotation.w
      value: 0.83333015
      objectReference: {fileID: 0}
    - target: {fileID: 4795561447090212, guid: 27a5be1780bad0a4eb1c60b907910a9e, type: 2}
      propertyPath: m_LocalRotation.w
      value: -0.06497314
      objectReference: {fileID: 0}
    - target: {fileID: 4490846328405312, guid: 27a5be1780bad0a4eb1c60b907910a9e, type: 2}
      propertyPath: m_LocalRotation.z
      value: 0.6134319
      objectReference: {fileID: 0}
    - target: {fileID: 4490846328405312, guid: 27a5be1780bad0a4eb1c60b907910a9e, type: 2}
      propertyPath: m_LocalRotation.w
      value: 0.7897477
      objectReference: {fileID: 0}
    - target: {fileID: 4067920221300416, guid: 27a5be1780bad0a4eb1c60b907910a9e, type: 2}
      propertyPath: m_LocalRotation.z
      value: -0.96691656
      objectReference: {fileID: 0}
    - target: {fileID: 4067920221300416, guid: 27a5be1780bad0a4eb1c60b907910a9e, type: 2}
      propertyPath: m_LocalRotation.w
      value: -0.25509292
      objectReference: {fileID: 0}
    - target: {fileID: 4795561447090212, guid: 27a5be1780bad0a4eb1c60b907910a9e, type: 2}
      propertyPath: m_LocalRotation.z
      value: -0.997887
      objectReference: {fileID: 0}
    - target: {fileID: 4800763170962870, guid: 27a5be1780bad0a4eb1c60b907910a9e, type: 2}
      propertyPath: m_LocalRotation.z
      value: 0.99815047
      objectReference: {fileID: 0}
    - target: {fileID: 4800763170962870, guid: 27a5be1780bad0a4eb1c60b907910a9e, type: 2}
      propertyPath: m_LocalRotation.w
      value: -0.06079182
      objectReference: {fileID: 0}
    - target: {fileID: 4831227809793752, guid: 27a5be1780bad0a4eb1c60b907910a9e, type: 2}
      propertyPath: m_LocalRotation.z
      value: -0.15864974
      objectReference: {fileID: 0}
    - target: {fileID: 4831227809793752, guid: 27a5be1780bad0a4eb1c60b907910a9e, type: 2}
      propertyPath: m_LocalRotation.w
      value: 0.98733497
      objectReference: {fileID: 0}
    - target: {fileID: 4962771070222866, guid: 27a5be1780bad0a4eb1c60b907910a9e, type: 2}
      propertyPath: m_LocalRotation.z
      value: -0.107243344
      objectReference: {fileID: 0}
    - target: {fileID: 4774368005971156, guid: 27a5be1780bad0a4eb1c60b907910a9e, type: 2}
      propertyPath: m_LocalRotation.z
      value: 0.9991102
      objectReference: {fileID: 0}
    - target: {fileID: 4774368005971156, guid: 27a5be1780bad0a4eb1c60b907910a9e, type: 2}
      propertyPath: m_LocalRotation.w
      value: -0.04217546
      objectReference: {fileID: 0}
    m_RemovedComponents: []
  m_SourcePrefab: {fileID: 100100000, guid: 27a5be1780bad0a4eb1c60b907910a9e, type: 2}
  m_IsPrefabAsset: 0
--- !u!1001 &169180453
Prefab:
  m_ObjectHideFlags: 0
  serializedVersion: 2
  m_Modification:
    m_TransformParent: {fileID: 0}
    m_Modifications:
    - target: {fileID: 4994482998557212, guid: 6afed2596025bf8438182365ccf88267, type: 2}
      propertyPath: m_LocalPosition.x
      value: -10.568383
      objectReference: {fileID: 0}
    - target: {fileID: 4994482998557212, guid: 6afed2596025bf8438182365ccf88267, type: 2}
      propertyPath: m_LocalPosition.y
      value: 16.066715
      objectReference: {fileID: 0}
    - target: {fileID: 4994482998557212, guid: 6afed2596025bf8438182365ccf88267, type: 2}
      propertyPath: m_LocalPosition.z
      value: -0.67226785
      objectReference: {fileID: 0}
    - target: {fileID: 4994482998557212, guid: 6afed2596025bf8438182365ccf88267, type: 2}
      propertyPath: m_LocalRotation.x
      value: 0
      objectReference: {fileID: 0}
    - target: {fileID: 4994482998557212, guid: 6afed2596025bf8438182365ccf88267, type: 2}
      propertyPath: m_LocalRotation.y
      value: 0
      objectReference: {fileID: 0}
    - target: {fileID: 4994482998557212, guid: 6afed2596025bf8438182365ccf88267, type: 2}
      propertyPath: m_LocalRotation.z
      value: 0
      objectReference: {fileID: 0}
    - target: {fileID: 4994482998557212, guid: 6afed2596025bf8438182365ccf88267, type: 2}
      propertyPath: m_LocalRotation.w
      value: 1
      objectReference: {fileID: 0}
    - target: {fileID: 4994482998557212, guid: 6afed2596025bf8438182365ccf88267, type: 2}
      propertyPath: m_RootOrder
      value: 1
      objectReference: {fileID: 0}
    m_RemovedComponents: []
  m_SourcePrefab: {fileID: 100100000, guid: 6afed2596025bf8438182365ccf88267, type: 2}
  m_IsPrefabAsset: 0
--- !u!60 &169180454 stripped
PolygonCollider2D:
  m_CorrespondingSourceObject: {fileID: 60138706278018882, guid: 6afed2596025bf8438182365ccf88267,
    type: 2}
  m_PrefabInternal: {fileID: 169180453}
--- !u!1 &272135448
GameObject:
  m_ObjectHideFlags: 0
  m_CorrespondingSourceObject: {fileID: 1694320556655448, guid: 5d3f36428d83bae45b180466cc3d6033,
    type: 2}
  m_PrefabInternal: {fileID: 0}
  serializedVersion: 6
  m_Component:
  - component: {fileID: 272135449}
  - component: {fileID: 272135450}
  m_Layer: 0
  m_Name: WindVortexPool
  m_TagString: Untagged
  m_Icon: {fileID: 0}
  m_NavMeshLayer: 0
  m_StaticEditorFlags: 0
  m_IsActive: 1
--- !u!4 &272135449
Transform:
  m_ObjectHideFlags: 0
  m_CorrespondingSourceObject: {fileID: 4094032937030136, guid: 5d3f36428d83bae45b180466cc3d6033,
    type: 2}
  m_PrefabInternal: {fileID: 0}
  m_GameObject: {fileID: 272135448}
  m_LocalRotation: {x: 0, y: 0, z: 0, w: 1}
  m_LocalPosition: {x: 0, y: 0, z: 0}
  m_LocalScale: {x: 1, y: 1, z: 1}
  m_Children: []
  m_Father: {fileID: 27514272}
  m_RootOrder: 3
  m_LocalEulerAnglesHint: {x: 0, y: 0, z: 0}
--- !u!114 &272135450
MonoBehaviour:
  m_ObjectHideFlags: 0
  m_CorrespondingSourceObject: {fileID: 114123780843387596, guid: 5d3f36428d83bae45b180466cc3d6033,
    type: 2}
  m_PrefabInternal: {fileID: 0}
  m_GameObject: {fileID: 272135448}
  m_Enabled: 1
  m_EditorHideFlags: 0
  m_Script: {fileID: 11500000, guid: c1ca2ca12559e6a4690514da84ae69d7, type: 3}
  m_Name: 
  m_EditorClassIdentifier: 
  objectToPool: {fileID: 1544066219343440, guid: da8f9bd39ec69f1489821b5ec390e5e9,
    type: 2}
  amountToPool: 3
--- !u!114 &413034749 stripped
MonoBehaviour:
  m_CorrespondingSourceObject: {fileID: 114716069818496086, guid: 6afed2596025bf8438182365ccf88267,
    type: 2}
  m_PrefabInternal: {fileID: 169180453}
  m_Script: {fileID: 11500000, guid: 45e653bab7fb20e499bda25e1b646fea, type: 3}
--- !u!1001 &508422204
Prefab:
  m_ObjectHideFlags: 0
  serializedVersion: 2
  m_Modification:
    m_TransformParent: {fileID: 0}
    m_Modifications:
    - target: {fileID: 4440895312439976, guid: bef96f993460564499e708d73bc061b5, type: 2}
      propertyPath: m_LocalPosition.x
      value: 0
      objectReference: {fileID: 0}
    - target: {fileID: 4440895312439976, guid: bef96f993460564499e708d73bc061b5, type: 2}
      propertyPath: m_LocalPosition.y
      value: 0
      objectReference: {fileID: 0}
    - target: {fileID: 4440895312439976, guid: bef96f993460564499e708d73bc061b5, type: 2}
      propertyPath: m_LocalPosition.z
      value: 0
      objectReference: {fileID: 0}
    - target: {fileID: 4440895312439976, guid: bef96f993460564499e708d73bc061b5, type: 2}
      propertyPath: m_LocalRotation.x
      value: -0
      objectReference: {fileID: 0}
    - target: {fileID: 4440895312439976, guid: bef96f993460564499e708d73bc061b5, type: 2}
      propertyPath: m_LocalRotation.y
      value: -0
      objectReference: {fileID: 0}
    - target: {fileID: 4440895312439976, guid: bef96f993460564499e708d73bc061b5, type: 2}
      propertyPath: m_LocalRotation.z
      value: -0
      objectReference: {fileID: 0}
    - target: {fileID: 4440895312439976, guid: bef96f993460564499e708d73bc061b5, type: 2}
      propertyPath: m_LocalRotation.w
      value: 1
      objectReference: {fileID: 0}
    - target: {fileID: 4440895312439976, guid: bef96f993460564499e708d73bc061b5, type: 2}
      propertyPath: m_RootOrder
      value: 3
      objectReference: {fileID: 0}
    m_RemovedComponents: []
  m_SourcePrefab: {fileID: 100100000, guid: bef96f993460564499e708d73bc061b5, type: 2}
  m_IsPrefabAsset: 0
--- !u!1 &519420028
GameObject:
  m_ObjectHideFlags: 0
  m_CorrespondingSourceObject: {fileID: 0}
  m_PrefabInternal: {fileID: 0}
  serializedVersion: 6
  m_Component:
  - component: {fileID: 519420032}
  - component: {fileID: 519420031}
  - component: {fileID: 519420029}
  - component: {fileID: 519420030}
  m_Layer: 0
  m_Name: Main Camera
  m_TagString: MainCamera
  m_Icon: {fileID: 0}
  m_NavMeshLayer: 0
  m_StaticEditorFlags: 0
  m_IsActive: 1
--- !u!81 &519420029
AudioListener:
  m_ObjectHideFlags: 0
  m_CorrespondingSourceObject: {fileID: 0}
  m_PrefabInternal: {fileID: 0}
  m_GameObject: {fileID: 519420028}
  m_Enabled: 1
--- !u!114 &519420030
MonoBehaviour:
  m_ObjectHideFlags: 0
  m_CorrespondingSourceObject: {fileID: 0}
  m_PrefabInternal: {fileID: 0}
  m_GameObject: {fileID: 519420028}
  m_Enabled: 1
  m_EditorHideFlags: 0
  m_Script: {fileID: 11500000, guid: 72ece51f2901e7445ab60da3685d6b5f, type: 3}
  m_Name: 
  m_EditorClassIdentifier: 
  m_ShowDebugText: 0
  m_ShowCameraFrustum: 1
  m_IgnoreTimeScale: 0
  m_WorldUpOverride: {fileID: 0}
  m_UpdateMethod: 2
  m_DefaultBlend:
    m_Style: 1
    m_Time: 2
    m_CustomCurve:
      serializedVersion: 2
      m_Curve: []
      m_PreInfinity: 2
      m_PostInfinity: 2
      m_RotationOrder: 4
  m_CustomBlends: {fileID: 0}
  m_CameraCutEvent:
    m_PersistentCalls:
      m_Calls: []
    m_TypeName: Cinemachine.CinemachineBrain+BrainEvent, Cinemachine, Version=0.0.0.0,
      Culture=neutral, PublicKeyToken=null
  m_CameraActivatedEvent:
    m_PersistentCalls:
      m_Calls: []
    m_TypeName: Cinemachine.CinemachineBrain+VcamActivatedEvent, Cinemachine, Version=0.0.0.0,
      Culture=neutral, PublicKeyToken=null
--- !u!20 &519420031
Camera:
  m_ObjectHideFlags: 0
  m_CorrespondingSourceObject: {fileID: 0}
  m_PrefabInternal: {fileID: 0}
  m_GameObject: {fileID: 519420028}
  m_Enabled: 1
  serializedVersion: 2
  m_ClearFlags: 1
  m_BackGroundColor: {r: 0, g: 0, b: 0, a: 0}
  m_projectionMatrixMode: 1
  m_SensorSize: {x: 36, y: 24}
  m_LensShift: {x: 0, y: 0}
  m_FocalLength: 50
  m_NormalizedViewPortRect:
    serializedVersion: 2
    x: 0
    y: 0
    width: 1
    height: 1
  near clip plane: 0.1
  far clip plane: 5000
  field of view: 40
  orthographic: 1
  orthographic size: 7.43
  m_Depth: 2
  m_CullingMask:
    serializedVersion: 2
    m_Bits: 32567
  m_RenderingPath: -1
  m_TargetTexture: {fileID: 0}
  m_TargetDisplay: 0
  m_TargetEye: 0
  m_HDR: 1
  m_AllowMSAA: 0
  m_AllowDynamicResolution: 0
  m_ForceIntoRT: 0
  m_OcclusionCulling: 0
  m_StereoConvergence: 10
  m_StereoSeparation: 0.022
--- !u!4 &519420032
Transform:
  m_ObjectHideFlags: 0
  m_CorrespondingSourceObject: {fileID: 0}
  m_PrefabInternal: {fileID: 0}
  m_GameObject: {fileID: 519420028}
  m_LocalRotation: {x: 0, y: 0, z: 0, w: 1}
  m_LocalPosition: {x: -6.07018, y: 3.70775, z: -9.171387}
  m_LocalScale: {x: 1, y: 1, z: 1}
  m_Children: []
  m_Father: {fileID: 0}
  m_RootOrder: 0
  m_LocalEulerAnglesHint: {x: 0, y: 0, z: 0}
--- !u!1 &577781412
GameObject:
  m_ObjectHideFlags: 0
  m_CorrespondingSourceObject: {fileID: 1564929691529366, guid: 5d3f36428d83bae45b180466cc3d6033,
    type: 2}
  m_PrefabInternal: {fileID: 0}
  serializedVersion: 6
  m_Component:
  - component: {fileID: 577781413}
  - component: {fileID: 577781416}
  - component: {fileID: 577781415}
  - component: {fileID: 577781414}
  m_Layer: 0
  m_Name: Flash
  m_TagString: Untagged
  m_Icon: {fileID: 0}
  m_NavMeshLayer: 0
  m_StaticEditorFlags: 0
  m_IsActive: 1
--- !u!224 &577781413
RectTransform:
  m_ObjectHideFlags: 0
  m_CorrespondingSourceObject: {fileID: 224685688771122196, guid: 5d3f36428d83bae45b180466cc3d6033,
    type: 2}
  m_PrefabInternal: {fileID: 0}
  m_GameObject: {fileID: 577781412}
  m_LocalRotation: {x: 0, y: 0, z: 0, w: 1}
  m_LocalPosition: {x: 0, y: 0, z: 0}
  m_LocalScale: {x: 1, y: 1, z: 1}
  m_Children: []
  m_Father: {fileID: 1335050266}
  m_RootOrder: 0
  m_LocalEulerAnglesHint: {x: 0, y: 0, z: 0}
  m_AnchorMin: {x: 0, y: 0}
  m_AnchorMax: {x: 1, y: 1}
  m_AnchoredPosition: {x: 0, y: 0}
  m_SizeDelta: {x: 0, y: 0}
  m_Pivot: {x: 0.5, y: 0.5}
--- !u!95 &577781414
Animator:
  serializedVersion: 3
  m_ObjectHideFlags: 0
  m_CorrespondingSourceObject: {fileID: 95787167343948268, guid: 5d3f36428d83bae45b180466cc3d6033,
    type: 2}
  m_PrefabInternal: {fileID: 0}
  m_GameObject: {fileID: 577781412}
  m_Enabled: 1
  m_Avatar: {fileID: 0}
  m_Controller: {fileID: 9100000, guid: 5f275197d221fd54ba5880d591aabbc6, type: 2}
  m_CullingMode: 0
  m_UpdateMode: 0
  m_ApplyRootMotion: 0
  m_LinearVelocityBlending: 0
  m_WarningMessage: 
  m_HasTransformHierarchy: 1
  m_AllowConstantClipSamplingOptimization: 1
  m_KeepAnimatorControllerStateOnDisable: 0
--- !u!114 &577781415
MonoBehaviour:
  m_ObjectHideFlags: 0
  m_CorrespondingSourceObject: {fileID: 114414620484022550, guid: 5d3f36428d83bae45b180466cc3d6033,
    type: 2}
  m_PrefabInternal: {fileID: 0}
  m_GameObject: {fileID: 577781412}
  m_Enabled: 1
  m_EditorHideFlags: 0
  m_Script: {fileID: -765806418, guid: f70555f144d8491a825f0804e09c671c, type: 3}
  m_Name: 
  m_EditorClassIdentifier: 
  m_Material: {fileID: 0}
  m_Color: {r: 1, g: 1, b: 1, a: 0}
  m_RaycastTarget: 1
  m_OnCullStateChanged:
    m_PersistentCalls:
      m_Calls: []
    m_TypeName: UnityEngine.UI.MaskableGraphic+CullStateChangedEvent, UnityEngine.UI,
      Version=1.0.0.0, Culture=neutral, PublicKeyToken=null
  m_Sprite: {fileID: 0}
  m_Type: 0
  m_PreserveAspect: 0
  m_FillCenter: 1
  m_FillMethod: 4
  m_FillAmount: 1
  m_FillClockwise: 1
  m_FillOrigin: 0
--- !u!222 &577781416
CanvasRenderer:
  m_ObjectHideFlags: 0
  m_CorrespondingSourceObject: {fileID: 222589075642049540, guid: 5d3f36428d83bae45b180466cc3d6033,
    type: 2}
  m_PrefabInternal: {fileID: 0}
  m_GameObject: {fileID: 577781412}
  m_CullTransparentMesh: 0
--- !u!1 &683189837
GameObject:
  m_ObjectHideFlags: 0
  m_CorrespondingSourceObject: {fileID: 1828239570673878, guid: 5d3f36428d83bae45b180466cc3d6033,
    type: 2}
  m_PrefabInternal: {fileID: 0}
  serializedVersion: 6
  m_Component:
  - component: {fileID: 683189838}
  - component: {fileID: 683189840}
  - component: {fileID: 683189839}
  m_Layer: 0
  m_Name: CutscenesDirector
  m_TagString: Untagged
  m_Icon: {fileID: 0}
  m_NavMeshLayer: 0
  m_StaticEditorFlags: 0
  m_IsActive: 1
--- !u!4 &683189838
Transform:
  m_ObjectHideFlags: 0
  m_CorrespondingSourceObject: {fileID: 4114927469408404, guid: 5d3f36428d83bae45b180466cc3d6033,
    type: 2}
  m_PrefabInternal: {fileID: 0}
  m_GameObject: {fileID: 683189837}
  m_LocalRotation: {x: 0, y: 0, z: 0, w: 1}
  m_LocalPosition: {x: 0, y: 0, z: 0}
  m_LocalScale: {x: 1, y: 1, z: 1}
  m_Children: []
  m_Father: {fileID: 976522026}
  m_RootOrder: 5
  m_LocalEulerAnglesHint: {x: 0, y: 0, z: 0}
--- !u!95 &683189839
Animator:
  serializedVersion: 3
  m_ObjectHideFlags: 0
  m_CorrespondingSourceObject: {fileID: 95604790743514770, guid: 5d3f36428d83bae45b180466cc3d6033,
    type: 2}
  m_PrefabInternal: {fileID: 0}
  m_GameObject: {fileID: 683189837}
  m_Enabled: 1
  m_Avatar: {fileID: 0}
  m_Controller: {fileID: 0}
  m_CullingMode: 0
  m_UpdateMode: 0
  m_ApplyRootMotion: 1
  m_LinearVelocityBlending: 0
  m_WarningMessage: 
  m_HasTransformHierarchy: 1
  m_AllowConstantClipSamplingOptimization: 1
  m_KeepAnimatorControllerStateOnDisable: 0
--- !u!320 &683189840
PlayableDirector:
  m_ObjectHideFlags: 0
  m_CorrespondingSourceObject: {fileID: 320974140680191556, guid: 5d3f36428d83bae45b180466cc3d6033,
    type: 2}
  m_PrefabInternal: {fileID: 0}
  m_GameObject: {fileID: 683189837}
  m_Enabled: 1
  serializedVersion: 3
  m_PlayableAsset: {fileID: 11400000, guid: f9955b399055c5a438f1781765810f43, type: 2}
  m_InitialState: 0
  m_WrapMode: 2
  m_DirectorUpdateMode: 1
  m_InitialTime: 0
  m_SceneBindings:
  - key: {fileID: 0}
    value: {fileID: 683189839}
  - key: {fileID: 114755741870424346, guid: f9955b399055c5a438f1781765810f43, type: 2}
    value: {fileID: 1461371568}
  - key: {fileID: 114796817425240336, guid: f9955b399055c5a438f1781765810f43, type: 2}
    value: {fileID: 0}
  - key: {fileID: 114809329412334740, guid: f9955b399055c5a438f1781765810f43, type: 2}
    value: {fileID: 0}
  - key: {fileID: 0}
    value: {fileID: 0}
  - key: {fileID: 0}
    value: {fileID: 1501849173}
  - key: {fileID: 0}
    value: {fileID: 887305291}
  - key: {fileID: 114151898254492186, guid: f9955b399055c5a438f1781765810f43, type: 2}
    value: {fileID: 0}
  - key: {fileID: 114684629494005344, guid: f9955b399055c5a438f1781765810f43, type: 2}
    value: {fileID: 0}
  - key: {fileID: 114999017785693532, guid: f9955b399055c5a438f1781765810f43, type: 2}
    value: {fileID: 0}
  m_ExposedReferences:
    m_References:
    - 17c869f728b5015498d925f08b1d51de: {fileID: 0}
    - 7debfed9f500d4947af9a5bdb68c02a7: {fileID: 0}
    - 14a59005979cc5d4aaea44a79b93381e: {fileID: 1929079095}
    - 4ee02e983f2fdb14dafa278261db4d68: {fileID: 728961943}
    - 443a609a7fed3624793208dadcdec2ed: {fileID: 887305291}
    - e48030d85c6d1e144bd608c309495929: {fileID: 2123703585}
    - 161e8dbbeed23b241b04cc4b077afcd5: {fileID: 0}
--- !u!114 &722432220 stripped
MonoBehaviour:
  m_CorrespondingSourceObject: {fileID: 114240152269651956, guid: 89a90684979ec404295722af92d7701c,
    type: 2}
  m_PrefabInternal: {fileID: 1341955167}
  m_Script: {fileID: 11500000, guid: 51e3ed4ae2119ba40830edcd9ab44966, type: 3}
--- !u!1 &728961943
GameObject:
  m_ObjectHideFlags: 0
  m_CorrespondingSourceObject: {fileID: 1773838712931430, guid: 5d3f36428d83bae45b180466cc3d6033,
    type: 2}
  m_PrefabInternal: {fileID: 0}
  serializedVersion: 6
  m_Component:
  - component: {fileID: 728961945}
  - component: {fileID: 728961944}
  m_Layer: 0
  m_Name: OnEnablePlayLevelBGM
  m_TagString: Untagged
  m_Icon: {fileID: 0}
  m_NavMeshLayer: 0
  m_StaticEditorFlags: 0
  m_IsActive: 0
--- !u!114 &728961944
MonoBehaviour:
  m_ObjectHideFlags: 0
  m_CorrespondingSourceObject: {fileID: 114850027228445370, guid: 5d3f36428d83bae45b180466cc3d6033,
    type: 2}
  m_PrefabInternal: {fileID: 0}
  m_GameObject: {fileID: 728961943}
  m_Enabled: 1
  m_EditorHideFlags: 0
  m_Script: {fileID: 11500000, guid: a45be123c5d3d5b4cb805de4f3cdc71d, type: 3}
  m_Name: 
  m_EditorClassIdentifier: 
  audioClip: {fileID: 8300000, guid: b97d754ddf9165140a96c8c966aaec21, type: 3}
--- !u!4 &728961945
Transform:
  m_ObjectHideFlags: 0
  m_CorrespondingSourceObject: {fileID: 4466612159534168, guid: 5d3f36428d83bae45b180466cc3d6033,
    type: 2}
  m_PrefabInternal: {fileID: 0}
  m_GameObject: {fileID: 728961943}
  m_LocalRotation: {x: 0, y: 0, z: 0, w: 1}
  m_LocalPosition: {x: 0, y: 0, z: 0}
  m_LocalScale: {x: 1, y: 1, z: 1}
  m_Children: []
  m_Father: {fileID: 1501849175}
  m_RootOrder: 2
  m_LocalEulerAnglesHint: {x: 0, y: 0, z: 0}
--- !u!1 &887305291
GameObject:
  m_ObjectHideFlags: 0
  m_CorrespondingSourceObject: {fileID: 1615092713259706, guid: 5d3f36428d83bae45b180466cc3d6033,
    type: 2}
  m_PrefabInternal: {fileID: 0}
  serializedVersion: 6
  m_Component:
  - component: {fileID: 887305293}
  - component: {fileID: 887305292}
  m_Layer: 0
  m_Name: OnEnablePlaySerenaBGM
  m_TagString: Untagged
  m_Icon: {fileID: 0}
  m_NavMeshLayer: 0
  m_StaticEditorFlags: 0
  m_IsActive: 0
--- !u!114 &887305292
MonoBehaviour:
  m_ObjectHideFlags: 0
  m_CorrespondingSourceObject: {fileID: 114924045635814154, guid: 5d3f36428d83bae45b180466cc3d6033,
    type: 2}
  m_PrefabInternal: {fileID: 0}
  m_GameObject: {fileID: 887305291}
  m_Enabled: 1
  m_EditorHideFlags: 0
  m_Script: {fileID: 11500000, guid: a45be123c5d3d5b4cb805de4f3cdc71d, type: 3}
  m_Name: 
  m_EditorClassIdentifier: 
  audioClip: {fileID: 8300000, guid: 0df2f0df0a0c9694a8ba561f661a5ffc, type: 3}
--- !u!4 &887305293
Transform:
  m_ObjectHideFlags: 0
  m_CorrespondingSourceObject: {fileID: 4182660154022146, guid: 5d3f36428d83bae45b180466cc3d6033,
    type: 2}
  m_PrefabInternal: {fileID: 0}
  m_GameObject: {fileID: 887305291}
  m_LocalRotation: {x: 0, y: 0, z: 0, w: 1}
  m_LocalPosition: {x: 0, y: 0, z: 0}
  m_LocalScale: {x: 1, y: 1, z: 1}
  m_Children: []
  m_Father: {fileID: 1501849175}
  m_RootOrder: 0
  m_LocalEulerAnglesHint: {x: 0, y: 0, z: 0}
--- !u!1001 &907520234
Prefab:
  m_ObjectHideFlags: 0
  serializedVersion: 2
  m_Modification:
    m_TransformParent: {fileID: 0}
    m_Modifications:
    - target: {fileID: 4987743970265112, guid: 2757770c0f6e15f429012c93bddd5b02, type: 2}
      propertyPath: m_LocalPosition.x
      value: 7.084486
      objectReference: {fileID: 0}
    - target: {fileID: 4987743970265112, guid: 2757770c0f6e15f429012c93bddd5b02, type: 2}
      propertyPath: m_LocalPosition.y
      value: 0.6494011
      objectReference: {fileID: 0}
    - target: {fileID: 4987743970265112, guid: 2757770c0f6e15f429012c93bddd5b02, type: 2}
      propertyPath: m_LocalPosition.z
      value: -9.288655
      objectReference: {fileID: 0}
    - target: {fileID: 4987743970265112, guid: 2757770c0f6e15f429012c93bddd5b02, type: 2}
      propertyPath: m_LocalRotation.x
      value: 0
      objectReference: {fileID: 0}
    - target: {fileID: 4987743970265112, guid: 2757770c0f6e15f429012c93bddd5b02, type: 2}
      propertyPath: m_LocalRotation.y
      value: 0
      objectReference: {fileID: 0}
    - target: {fileID: 4987743970265112, guid: 2757770c0f6e15f429012c93bddd5b02, type: 2}
      propertyPath: m_LocalRotation.z
      value: 0
      objectReference: {fileID: 0}
    - target: {fileID: 4987743970265112, guid: 2757770c0f6e15f429012c93bddd5b02, type: 2}
      propertyPath: m_LocalRotation.w
      value: 1
      objectReference: {fileID: 0}
    - target: {fileID: 4987743970265112, guid: 2757770c0f6e15f429012c93bddd5b02, type: 2}
      propertyPath: m_RootOrder
      value: 9
      objectReference: {fileID: 0}
    m_RemovedComponents: []
  m_SourcePrefab: {fileID: 100100000, guid: 2757770c0f6e15f429012c93bddd5b02, type: 2}
  m_IsPrefabAsset: 0
--- !u!1001 &962757422
Prefab:
  m_ObjectHideFlags: 0
  serializedVersion: 2
  m_Modification:
    m_TransformParent: {fileID: 0}
    m_Modifications:
    - target: {fileID: 4252839087217106, guid: 41c06f7858aa8f445a8a8917bbe74433, type: 2}
      propertyPath: m_LocalPosition.x
      value: 52.51192
      objectReference: {fileID: 0}
    - target: {fileID: 4252839087217106, guid: 41c06f7858aa8f445a8a8917bbe74433, type: 2}
      propertyPath: m_LocalPosition.y
      value: 3.6654747
      objectReference: {fileID: 0}
    - target: {fileID: 4252839087217106, guid: 41c06f7858aa8f445a8a8917bbe74433, type: 2}
      propertyPath: m_LocalPosition.z
      value: 0.265625
      objectReference: {fileID: 0}
    - target: {fileID: 4252839087217106, guid: 41c06f7858aa8f445a8a8917bbe74433, type: 2}
      propertyPath: m_LocalRotation.x
      value: 0
      objectReference: {fileID: 0}
    - target: {fileID: 4252839087217106, guid: 41c06f7858aa8f445a8a8917bbe74433, type: 2}
      propertyPath: m_LocalRotation.y
      value: 0
      objectReference: {fileID: 0}
    - target: {fileID: 4252839087217106, guid: 41c06f7858aa8f445a8a8917bbe74433, type: 2}
      propertyPath: m_LocalRotation.z
      value: 0
      objectReference: {fileID: 0}
    - target: {fileID: 4252839087217106, guid: 41c06f7858aa8f445a8a8917bbe74433, type: 2}
      propertyPath: m_LocalRotation.w
      value: 1
      objectReference: {fileID: 0}
    - target: {fileID: 4252839087217106, guid: 41c06f7858aa8f445a8a8917bbe74433, type: 2}
      propertyPath: m_RootOrder
      value: 8
      objectReference: {fileID: 0}
    - target: {fileID: 137598797840025630, guid: 41c06f7858aa8f445a8a8917bbe74433,
        type: 2}
      propertyPath: m_Mesh
      value: 
      objectReference: {fileID: 0}
    - target: {fileID: 137726467612102196, guid: 41c06f7858aa8f445a8a8917bbe74433,
        type: 2}
      propertyPath: m_Mesh
      value: 
      objectReference: {fileID: 0}
    - target: {fileID: 137069751175030970, guid: 41c06f7858aa8f445a8a8917bbe74433,
        type: 2}
      propertyPath: m_Mesh
      value: 
      objectReference: {fileID: 0}
    - target: {fileID: 137231729389922198, guid: 41c06f7858aa8f445a8a8917bbe74433,
        type: 2}
      propertyPath: m_Mesh
      value: 
      objectReference: {fileID: 0}
    - target: {fileID: 137735363952078418, guid: 41c06f7858aa8f445a8a8917bbe74433,
        type: 2}
      propertyPath: m_Mesh
      value: 
      objectReference: {fileID: 0}
    - target: {fileID: 137941239470234740, guid: 41c06f7858aa8f445a8a8917bbe74433,
        type: 2}
      propertyPath: m_Mesh
      value: 
      objectReference: {fileID: 0}
    - target: {fileID: 137237320871361234, guid: 41c06f7858aa8f445a8a8917bbe74433,
        type: 2}
      propertyPath: m_Mesh
      value: 
      objectReference: {fileID: 0}
    - target: {fileID: 137537148557994348, guid: 41c06f7858aa8f445a8a8917bbe74433,
        type: 2}
      propertyPath: m_Mesh
      value: 
      objectReference: {fileID: 0}
    - target: {fileID: 137796195086549036, guid: 41c06f7858aa8f445a8a8917bbe74433,
        type: 2}
      propertyPath: m_Mesh
      value: 
      objectReference: {fileID: 0}
    - target: {fileID: 137488145215264630, guid: 41c06f7858aa8f445a8a8917bbe74433,
        type: 2}
      propertyPath: m_Mesh
      value: 
      objectReference: {fileID: 0}
    - target: {fileID: 137623396447064340, guid: 41c06f7858aa8f445a8a8917bbe74433,
        type: 2}
      propertyPath: m_Mesh
      value: 
      objectReference: {fileID: 0}
    - target: {fileID: 137580671478567844, guid: 41c06f7858aa8f445a8a8917bbe74433,
        type: 2}
      propertyPath: m_Mesh
      value: 
      objectReference: {fileID: 0}
    - target: {fileID: 137225982028063658, guid: 41c06f7858aa8f445a8a8917bbe74433,
        type: 2}
      propertyPath: m_Mesh
      value: 
      objectReference: {fileID: 0}
    - target: {fileID: 137005220052022878, guid: 41c06f7858aa8f445a8a8917bbe74433,
        type: 2}
      propertyPath: m_Mesh
      value: 
      objectReference: {fileID: 0}
    - target: {fileID: 137230242634510014, guid: 41c06f7858aa8f445a8a8917bbe74433,
        type: 2}
      propertyPath: m_Mesh
      value: 
      objectReference: {fileID: 0}
    - target: {fileID: 137231541778349196, guid: 41c06f7858aa8f445a8a8917bbe74433,
        type: 2}
      propertyPath: m_Mesh
      value: 
      objectReference: {fileID: 0}
    - target: {fileID: 137368565445505402, guid: 41c06f7858aa8f445a8a8917bbe74433,
        type: 2}
      propertyPath: m_Mesh
      value: 
      objectReference: {fileID: 0}
    - target: {fileID: 137283484660048686, guid: 41c06f7858aa8f445a8a8917bbe74433,
        type: 2}
      propertyPath: m_Mesh
      value: 
      objectReference: {fileID: 0}
    - target: {fileID: 137806601073900834, guid: 41c06f7858aa8f445a8a8917bbe74433,
        type: 2}
      propertyPath: m_Mesh
      value: 
      objectReference: {fileID: 0}
    - target: {fileID: 137955305889349852, guid: 41c06f7858aa8f445a8a8917bbe74433,
        type: 2}
      propertyPath: m_Mesh
      value: 
      objectReference: {fileID: 0}
    m_RemovedComponents: []
  m_SourcePrefab: {fileID: 100100000, guid: 41c06f7858aa8f445a8a8917bbe74433, type: 2}
  m_IsPrefabAsset: 0
--- !u!1 &976522025
GameObject:
  m_ObjectHideFlags: 0
  m_CorrespondingSourceObject: {fileID: 1489696543138864, guid: 5d3f36428d83bae45b180466cc3d6033,
    type: 2}
  m_PrefabInternal: {fileID: 0}
  serializedVersion: 6
  m_Component:
  - component: {fileID: 976522026}
  m_Layer: 0
  m_Name: Engine
  m_TagString: Untagged
  m_Icon: {fileID: 0}
  m_NavMeshLayer: 0
  m_StaticEditorFlags: 0
  m_IsActive: 1
--- !u!4 &976522026
Transform:
  m_ObjectHideFlags: 0
  m_CorrespondingSourceObject: {fileID: 4839202542038128, guid: 5d3f36428d83bae45b180466cc3d6033,
    type: 2}
  m_PrefabInternal: {fileID: 0}
  m_GameObject: {fileID: 976522025}
  m_LocalRotation: {x: 0, y: 0, z: 0, w: 1}
  m_LocalPosition: {x: -1.876379, y: -0.33737576, z: 0}
  m_LocalScale: {x: 1, y: 1, z: 1}
  m_Children:
  - {fileID: 1547143975}
  - {fileID: 2131824511}
  - {fileID: 2116003241}
  - {fileID: 1335050266}
  - {fileID: 1501849175}
  - {fileID: 683189838}
  - {fileID: 27514272}
  m_Father: {fileID: 0}
  m_RootOrder: 4
  m_LocalEulerAnglesHint: {x: 0, y: 0, z: 0}
--- !u!1 &1284721926
GameObject:
  m_ObjectHideFlags: 0
  m_CorrespondingSourceObject: {fileID: 1037589295564080, guid: 5d3f36428d83bae45b180466cc3d6033,
    type: 2}
  m_PrefabInternal: {fileID: 0}
  serializedVersion: 6
  m_Component:
  - component: {fileID: 1284721927}
  - component: {fileID: 1284721928}
  m_Layer: 0
  m_Name: IceShardPool
  m_TagString: Untagged
  m_Icon: {fileID: 0}
  m_NavMeshLayer: 0
  m_StaticEditorFlags: 0
  m_IsActive: 1
--- !u!4 &1284721927
Transform:
  m_ObjectHideFlags: 0
  m_CorrespondingSourceObject: {fileID: 4838900976595436, guid: 5d3f36428d83bae45b180466cc3d6033,
    type: 2}
  m_PrefabInternal: {fileID: 0}
  m_GameObject: {fileID: 1284721926}
  m_LocalRotation: {x: 0, y: 0, z: 0, w: 1}
  m_LocalPosition: {x: 0, y: 0, z: 0}
  m_LocalScale: {x: 1, y: 1, z: 1}
  m_Children: []
  m_Father: {fileID: 27514272}
  m_RootOrder: 1
  m_LocalEulerAnglesHint: {x: 0, y: 0, z: 0}
--- !u!114 &1284721928
MonoBehaviour:
  m_ObjectHideFlags: 0
  m_CorrespondingSourceObject: {fileID: 114145962259941066, guid: 5d3f36428d83bae45b180466cc3d6033,
    type: 2}
  m_PrefabInternal: {fileID: 0}
  m_GameObject: {fileID: 1284721926}
  m_Enabled: 1
  m_EditorHideFlags: 0
  m_Script: {fileID: 11500000, guid: c1ca2ca12559e6a4690514da84ae69d7, type: 3}
  m_Name: 
  m_EditorClassIdentifier: 
  objectToPool: {fileID: 1436109059371630, guid: 2a9900d75c79ea349a4cfec95fa3c641,
    type: 2}
  amountToPool: 4
--- !u!1 &1335050265
GameObject:
  m_ObjectHideFlags: 0
  m_CorrespondingSourceObject: {fileID: 1169725504533522, guid: 5d3f36428d83bae45b180466cc3d6033,
    type: 2}
  m_PrefabInternal: {fileID: 0}
  serializedVersion: 6
  m_Component:
  - component: {fileID: 1335050266}
  - component: {fileID: 1335050268}
  - component: {fileID: 1335050267}
  m_Layer: 0
  m_Name: EffectsManager
  m_TagString: Untagged
  m_Icon: {fileID: 0}
  m_NavMeshLayer: 0
  m_StaticEditorFlags: 0
  m_IsActive: 1
--- !u!224 &1335050266
RectTransform:
  m_ObjectHideFlags: 0
  m_CorrespondingSourceObject: {fileID: 224754481199609462, guid: 5d3f36428d83bae45b180466cc3d6033,
    type: 2}
  m_PrefabInternal: {fileID: 0}
  m_GameObject: {fileID: 1335050265}
  m_LocalRotation: {x: 0, y: 0, z: 0, w: 1}
  m_LocalPosition: {x: 0, y: 0, z: 0}
  m_LocalScale: {x: 0, y: 0, z: 0}
  m_Children:
  - {fileID: 577781413}
  - {fileID: 1461371571}
  m_Father: {fileID: 976522026}
  m_RootOrder: 3
  m_LocalEulerAnglesHint: {x: 0, y: 0, z: 0}
  m_AnchorMin: {x: 0, y: 0}
  m_AnchorMax: {x: 0, y: 0}
  m_AnchoredPosition: {x: 0, y: 0}
  m_SizeDelta: {x: 0, y: 0}
  m_Pivot: {x: 0, y: 0}
--- !u!114 &1335050267
MonoBehaviour:
  m_ObjectHideFlags: 0
  m_CorrespondingSourceObject: {fileID: 114647927061553562, guid: 5d3f36428d83bae45b180466cc3d6033,
    type: 2}
  m_PrefabInternal: {fileID: 0}
  m_GameObject: {fileID: 1335050265}
  m_Enabled: 1
  m_EditorHideFlags: 0
  m_Script: {fileID: 11500000, guid: 6f79f14a5d381344096dd79103e19a65, type: 3}
  m_Name: 
  m_EditorClassIdentifier: 
  FlashAnimator: {fileID: 577781414}
--- !u!223 &1335050268
Canvas:
  m_ObjectHideFlags: 0
  m_CorrespondingSourceObject: {fileID: 223277199111867810, guid: 5d3f36428d83bae45b180466cc3d6033,
    type: 2}
  m_PrefabInternal: {fileID: 0}
  m_GameObject: {fileID: 1335050265}
  m_Enabled: 1
  serializedVersion: 3
  m_RenderMode: 0
  m_Camera: {fileID: 0}
  m_PlaneDistance: 100
  m_PixelPerfect: 0
  m_ReceivesEvents: 1
  m_OverrideSorting: 0
  m_OverridePixelPerfect: 0
  m_SortingBucketNormalizedSize: 0
  m_AdditionalShaderChannelsFlag: 0
  m_SortingLayerID: 0
  m_SortingOrder: 0
  m_TargetDisplay: 0
--- !u!1001 &1341955167
Prefab:
  m_ObjectHideFlags: 0
  serializedVersion: 2
  m_Modification:
    m_TransformParent: {fileID: 0}
    m_Modifications:
    - target: {fileID: 4454372316426796, guid: 89a90684979ec404295722af92d7701c, type: 2}
      propertyPath: m_LocalPosition.x
      value: -9.547511
      objectReference: {fileID: 0}
    - target: {fileID: 4454372316426796, guid: 89a90684979ec404295722af92d7701c, type: 2}
      propertyPath: m_LocalPosition.y
      value: -1.8532542
      objectReference: {fileID: 0}
    - target: {fileID: 4454372316426796, guid: 89a90684979ec404295722af92d7701c, type: 2}
      propertyPath: m_LocalPosition.z
      value: 0.8286133
      objectReference: {fileID: 0}
    - target: {fileID: 4454372316426796, guid: 89a90684979ec404295722af92d7701c, type: 2}
      propertyPath: m_LocalRotation.x
      value: 0
      objectReference: {fileID: 0}
    - target: {fileID: 4454372316426796, guid: 89a90684979ec404295722af92d7701c, type: 2}
      propertyPath: m_LocalRotation.y
      value: 0
      objectReference: {fileID: 0}
    - target: {fileID: 4454372316426796, guid: 89a90684979ec404295722af92d7701c, type: 2}
      propertyPath: m_LocalRotation.z
      value: 0
      objectReference: {fileID: 0}
    - target: {fileID: 4454372316426796, guid: 89a90684979ec404295722af92d7701c, type: 2}
      propertyPath: m_LocalRotation.w
      value: 1
      objectReference: {fileID: 0}
    - target: {fileID: 4454372316426796, guid: 89a90684979ec404295722af92d7701c, type: 2}
      propertyPath: m_RootOrder
      value: 10
      objectReference: {fileID: 0}
    - target: {fileID: 114172075625603278, guid: 89a90684979ec404295722af92d7701c,
        type: 2}
      propertyPath: m_BoundingShape2D
      value: 
      objectReference: {fileID: 169180454}
    m_RemovedComponents: []
  m_SourcePrefab: {fileID: 100100000, guid: 89a90684979ec404295722af92d7701c, type: 2}
  m_IsPrefabAsset: 0
--- !u!1 &1382083198
GameObject:
  m_ObjectHideFlags: 0
  m_CorrespondingSourceObject: {fileID: 1525844109533504, guid: 5d3f36428d83bae45b180466cc3d6033,
    type: 2}
  m_PrefabInternal: {fileID: 0}
  serializedVersion: 6
  m_Component:
  - component: {fileID: 1382083199}
  - component: {fileID: 1382083200}
  m_Layer: 0
  m_Name: ProjectilePool
  m_TagString: Untagged
  m_Icon: {fileID: 0}
  m_NavMeshLayer: 0
  m_StaticEditorFlags: 0
  m_IsActive: 1
--- !u!4 &1382083199
Transform:
  m_ObjectHideFlags: 0
  m_CorrespondingSourceObject: {fileID: 4105816017866510, guid: 5d3f36428d83bae45b180466cc3d6033,
    type: 2}
  m_PrefabInternal: {fileID: 0}
  m_GameObject: {fileID: 1382083198}
  m_LocalRotation: {x: 0, y: 0, z: 0, w: 1}
  m_LocalPosition: {x: 0, y: 0, z: 0}
  m_LocalScale: {x: 1, y: 1, z: 1}
  m_Children: []
  m_Father: {fileID: 27514272}
  m_RootOrder: 0
  m_LocalEulerAnglesHint: {x: 0, y: 0, z: 0}
--- !u!114 &1382083200
MonoBehaviour:
  m_ObjectHideFlags: 0
  m_CorrespondingSourceObject: {fileID: 114533092166804124, guid: 5d3f36428d83bae45b180466cc3d6033,
    type: 2}
  m_PrefabInternal: {fileID: 0}
  m_GameObject: {fileID: 1382083198}
  m_Enabled: 1
  m_EditorHideFlags: 0
  m_Script: {fileID: 11500000, guid: c1ca2ca12559e6a4690514da84ae69d7, type: 3}
  m_Name: 
  m_EditorClassIdentifier: 
  objectToPool: {fileID: 1261869415766382, guid: 482f44e07a7ac1b45a366f48cf24fdbd,
    type: 2}
  amountToPool: 20
--- !u!1001 &1400313668
Prefab:
  m_ObjectHideFlags: 0
  serializedVersion: 2
  m_Modification:
    m_TransformParent: {fileID: 0}
    m_Modifications:
    - target: {fileID: 4186148804499252, guid: ad26de82c0c32544dadff8f3e068f31e, type: 2}
      propertyPath: m_LocalPosition.x
      value: -4.24
      objectReference: {fileID: 0}
    - target: {fileID: 4186148804499252, guid: ad26de82c0c32544dadff8f3e068f31e, type: 2}
      propertyPath: m_LocalPosition.y
      value: 13.1
      objectReference: {fileID: 0}
    - target: {fileID: 4186148804499252, guid: ad26de82c0c32544dadff8f3e068f31e, type: 2}
      propertyPath: m_LocalPosition.z
      value: 0
      objectReference: {fileID: 0}
    - target: {fileID: 4186148804499252, guid: ad26de82c0c32544dadff8f3e068f31e, type: 2}
      propertyPath: m_LocalRotation.x
      value: 0
      objectReference: {fileID: 0}
    - target: {fileID: 4186148804499252, guid: ad26de82c0c32544dadff8f3e068f31e, type: 2}
      propertyPath: m_LocalRotation.y
      value: 0
      objectReference: {fileID: 0}
    - target: {fileID: 4186148804499252, guid: ad26de82c0c32544dadff8f3e068f31e, type: 2}
      propertyPath: m_LocalRotation.z
      value: 0
      objectReference: {fileID: 0}
    - target: {fileID: 4186148804499252, guid: ad26de82c0c32544dadff8f3e068f31e, type: 2}
      propertyPath: m_LocalRotation.w
      value: 1
      objectReference: {fileID: 0}
    - target: {fileID: 4186148804499252, guid: ad26de82c0c32544dadff8f3e068f31e, type: 2}
      propertyPath: m_RootOrder
      value: 6
      objectReference: {fileID: 0}
    m_RemovedComponents: []
  m_SourcePrefab: {fileID: 100100000, guid: ad26de82c0c32544dadff8f3e068f31e, type: 2}
  m_IsPrefabAsset: 0
--- !u!1 &1461371567
GameObject:
  m_ObjectHideFlags: 0
  m_CorrespondingSourceObject: {fileID: 1140687209433198, guid: 5d3f36428d83bae45b180466cc3d6033,
    type: 2}
  m_PrefabInternal: {fileID: 0}
  serializedVersion: 6
  m_Component:
  - component: {fileID: 1461371571}
  - component: {fileID: 1461371570}
  - component: {fileID: 1461371569}
  - component: {fileID: 1461371568}
  m_Layer: 0
  m_Name: Fader
  m_TagString: Untagged
  m_Icon: {fileID: 0}
  m_NavMeshLayer: 0
  m_StaticEditorFlags: 0
  m_IsActive: 1
--- !u!95 &1461371568
Animator:
  serializedVersion: 3
  m_ObjectHideFlags: 0
  m_CorrespondingSourceObject: {fileID: 95691000112221424, guid: 5d3f36428d83bae45b180466cc3d6033,
    type: 2}
  m_PrefabInternal: {fileID: 0}
  m_GameObject: {fileID: 1461371567}
  m_Enabled: 1
  m_Avatar: {fileID: 0}
  m_Controller: {fileID: 0}
  m_CullingMode: 0
  m_UpdateMode: 0
  m_ApplyRootMotion: 0
  m_LinearVelocityBlending: 0
  m_WarningMessage: 
  m_HasTransformHierarchy: 1
  m_AllowConstantClipSamplingOptimization: 1
  m_KeepAnimatorControllerStateOnDisable: 0
--- !u!114 &1461371569
MonoBehaviour:
  m_ObjectHideFlags: 0
  m_CorrespondingSourceObject: {fileID: 114424310234989068, guid: 5d3f36428d83bae45b180466cc3d6033,
    type: 2}
  m_PrefabInternal: {fileID: 0}
  m_GameObject: {fileID: 1461371567}
  m_Enabled: 1
  m_EditorHideFlags: 0
  m_Script: {fileID: -765806418, guid: f70555f144d8491a825f0804e09c671c, type: 3}
  m_Name: 
  m_EditorClassIdentifier: 
  m_Material: {fileID: 0}
  m_Color: {r: 0, g: 0, b: 0, a: 0}
  m_RaycastTarget: 1
  m_OnCullStateChanged:
    m_PersistentCalls:
      m_Calls: []
    m_TypeName: UnityEngine.UI.MaskableGraphic+CullStateChangedEvent, UnityEngine.UI,
      Version=1.0.0.0, Culture=neutral, PublicKeyToken=null
  m_Sprite: {fileID: 0}
  m_Type: 0
  m_PreserveAspect: 0
  m_FillCenter: 1
  m_FillMethod: 4
  m_FillAmount: 1
  m_FillClockwise: 1
  m_FillOrigin: 0
--- !u!222 &1461371570
CanvasRenderer:
  m_ObjectHideFlags: 0
  m_CorrespondingSourceObject: {fileID: 222045846329790876, guid: 5d3f36428d83bae45b180466cc3d6033,
    type: 2}
  m_PrefabInternal: {fileID: 0}
  m_GameObject: {fileID: 1461371567}
  m_CullTransparentMesh: 0
--- !u!224 &1461371571
RectTransform:
  m_ObjectHideFlags: 0
  m_CorrespondingSourceObject: {fileID: 224991865770345722, guid: 5d3f36428d83bae45b180466cc3d6033,
    type: 2}
  m_PrefabInternal: {fileID: 0}
  m_GameObject: {fileID: 1461371567}
  m_LocalRotation: {x: 0, y: 0, z: 0, w: 1}
  m_LocalPosition: {x: 0, y: 0, z: 0}
  m_LocalScale: {x: 1, y: 1, z: 1}
  m_Children: []
  m_Father: {fileID: 1335050266}
  m_RootOrder: 1
  m_LocalEulerAnglesHint: {x: 0, y: 0, z: 0}
  m_AnchorMin: {x: 0, y: 0}
  m_AnchorMax: {x: 1, y: 1}
  m_AnchoredPosition: {x: 0, y: 0}
  m_SizeDelta: {x: 0, y: 0}
  m_Pivot: {x: 0.5, y: 0.5}
--- !u!1 &1501849172
GameObject:
  m_ObjectHideFlags: 0
  m_CorrespondingSourceObject: {fileID: 1169041565281014, guid: 5d3f36428d83bae45b180466cc3d6033,
    type: 2}
  m_PrefabInternal: {fileID: 0}
  serializedVersion: 6
  m_Component:
  - component: {fileID: 1501849175}
  - component: {fileID: 1501849174}
  - component: {fileID: 1501849173}
  m_Layer: 0
  m_Name: AudioManager
  m_TagString: Untagged
  m_Icon: {fileID: 0}
  m_NavMeshLayer: 0
  m_StaticEditorFlags: 0
  m_IsActive: 1
--- !u!82 &1501849173
AudioSource:
  m_ObjectHideFlags: 0
  m_CorrespondingSourceObject: {fileID: 82758357246666562, guid: 5d3f36428d83bae45b180466cc3d6033,
    type: 2}
  m_PrefabInternal: {fileID: 0}
  m_GameObject: {fileID: 1501849172}
  m_Enabled: 1
  serializedVersion: 4
  OutputAudioMixerGroup: {fileID: 0}
  m_audioClip: {fileID: 0}
  m_PlayOnAwake: 0
  m_Volume: 0.29
  m_Pitch: 1
  Loop: 1
  Mute: 0
  Spatialize: 0
  SpatializePostEffects: 0
  Priority: 128
  DopplerLevel: 1
  MinDistance: 1
  MaxDistance: 500
  Pan2D: 0
  rolloffMode: 0
  BypassEffects: 0
  BypassListenerEffects: 0
  BypassReverbZones: 0
  rolloffCustomCurve:
    serializedVersion: 2
    m_Curve:
    - serializedVersion: 3
      time: 0
      value: 1
      inSlope: 0
      outSlope: 0
      tangentMode: 0
      weightedMode: 0
      inWeight: 0.33333334
      outWeight: 0.33333334
    - serializedVersion: 3
      time: 1
      value: 0
      inSlope: 0
      outSlope: 0
      tangentMode: 0
      weightedMode: 0
      inWeight: 0.33333334
      outWeight: 0.33333334
    m_PreInfinity: 2
    m_PostInfinity: 2
    m_RotationOrder: 4
  panLevelCustomCurve:
    serializedVersion: 2
    m_Curve:
    - serializedVersion: 3
      time: 0
      value: 0
      inSlope: 0
      outSlope: 0
      tangentMode: 0
      weightedMode: 0
      inWeight: 0.33333334
      outWeight: 0.33333334
    m_PreInfinity: 2
    m_PostInfinity: 2
    m_RotationOrder: 4
  spreadCustomCurve:
    serializedVersion: 2
    m_Curve:
    - serializedVersion: 3
      time: 0
      value: 0
      inSlope: 0
      outSlope: 0
      tangentMode: 0
      weightedMode: 0
      inWeight: 0.33333334
      outWeight: 0.33333334
    m_PreInfinity: 2
    m_PostInfinity: 2
    m_RotationOrder: 4
  reverbZoneMixCustomCurve:
    serializedVersion: 2
    m_Curve:
    - serializedVersion: 3
      time: 0
      value: 1
      inSlope: 0
      outSlope: 0
      tangentMode: 0
      weightedMode: 0
      inWeight: 0.33333334
      outWeight: 0.33333334
    m_PreInfinity: 2
    m_PostInfinity: 2
    m_RotationOrder: 4
--- !u!114 &1501849174
MonoBehaviour:
  m_ObjectHideFlags: 0
  m_CorrespondingSourceObject: {fileID: 114224402387295348, guid: 5d3f36428d83bae45b180466cc3d6033,
    type: 2}
  m_PrefabInternal: {fileID: 0}
  m_GameObject: {fileID: 1501849172}
  m_Enabled: 1
  m_EditorHideFlags: 0
  m_Script: {fileID: 11500000, guid: 0e1e3e225d069574f977daff0052e993, type: 3}
  m_Name: 
  m_EditorClassIdentifier: 
--- !u!4 &1501849175
Transform:
  m_ObjectHideFlags: 0
  m_CorrespondingSourceObject: {fileID: 4616723167900980, guid: 5d3f36428d83bae45b180466cc3d6033,
    type: 2}
  m_PrefabInternal: {fileID: 0}
  m_GameObject: {fileID: 1501849172}
  m_LocalRotation: {x: 0, y: 0, z: 0, w: 1}
  m_LocalPosition: {x: 0, y: 0, z: 0}
  m_LocalScale: {x: 1, y: 1, z: 1}
  m_Children:
  - {fileID: 887305293}
  - {fileID: 2123703587}
  - {fileID: 728961945}
  m_Father: {fileID: 976522026}
  m_RootOrder: 4
  m_LocalEulerAnglesHint: {x: 0, y: 0, z: 0}
--- !u!1001 &1503641652
Prefab:
  m_ObjectHideFlags: 0
  serializedVersion: 2
  m_Modification:
    m_TransformParent: {fileID: 0}
    m_Modifications:
    - target: {fileID: 4182273191323714, guid: bfc6b835e8ded394186fcc194d21368d, type: 2}
      propertyPath: m_LocalPosition.x
      value: 0
      objectReference: {fileID: 0}
    - target: {fileID: 4182273191323714, guid: bfc6b835e8ded394186fcc194d21368d, type: 2}
      propertyPath: m_LocalPosition.y
      value: 0
      objectReference: {fileID: 0}
    - target: {fileID: 4182273191323714, guid: bfc6b835e8ded394186fcc194d21368d, type: 2}
      propertyPath: m_LocalPosition.z
      value: 0
      objectReference: {fileID: 0}
    - target: {fileID: 4182273191323714, guid: bfc6b835e8ded394186fcc194d21368d, type: 2}
      propertyPath: m_LocalRotation.x
      value: 0
      objectReference: {fileID: 0}
    - target: {fileID: 4182273191323714, guid: bfc6b835e8ded394186fcc194d21368d, type: 2}
      propertyPath: m_LocalRotation.y
      value: 0
      objectReference: {fileID: 0}
    - target: {fileID: 4182273191323714, guid: bfc6b835e8ded394186fcc194d21368d, type: 2}
      propertyPath: m_LocalRotation.z
      value: 0
      objectReference: {fileID: 0}
    - target: {fileID: 4182273191323714, guid: bfc6b835e8ded394186fcc194d21368d, type: 2}
      propertyPath: m_LocalRotation.w
      value: 1
      objectReference: {fileID: 0}
    - target: {fileID: 4182273191323714, guid: bfc6b835e8ded394186fcc194d21368d, type: 2}
      propertyPath: m_RootOrder
      value: 5
      objectReference: {fileID: 0}
    - target: {fileID: 66354212902321518, guid: bfc6b835e8ded394186fcc194d21368d,
        type: 2}
      propertyPath: m_ColliderPaths.Array.data[0].m_ColliderPaths.Array.data[0].Array.data[0].X
      value: 1030000000
      objectReference: {fileID: 0}
    - target: {fileID: 66354212902321518, guid: bfc6b835e8ded394186fcc194d21368d,
        type: 2}
      propertyPath: m_ColliderPaths.Array.data[0].m_ColliderPaths.Array.data[0].Array.data[1].X
      value: 1030000000
      objectReference: {fileID: 0}
    - target: {fileID: 66354212902321518, guid: bfc6b835e8ded394186fcc194d21368d,
        type: 2}
      propertyPath: m_ColliderPaths.Array.data[0].m_ColliderPaths.Array.data[0].Array.data[2].X
      value: 990000000
      objectReference: {fileID: 0}
    - target: {fileID: 66354212902321518, guid: bfc6b835e8ded394186fcc194d21368d,
        type: 2}
      propertyPath: m_ColliderPaths.Array.data[0].m_ColliderPaths.Array.data[0].Array.data[3].X
      value: 990000000
      objectReference: {fileID: 0}
    - target: {fileID: 66354212902321518, guid: bfc6b835e8ded394186fcc194d21368d,
        type: 2}
      propertyPath: m_ColliderPaths.Array.data[0].m_ColliderPaths.Array.data[0].Array.data[4].X
      value: 930000000
      objectReference: {fileID: 0}
    - target: {fileID: 66354212902321518, guid: bfc6b835e8ded394186fcc194d21368d,
        type: 2}
      propertyPath: m_ColliderPaths.Array.data[0].m_ColliderPaths.Array.data[0].Array.data[5].X
      value: 930000000
      objectReference: {fileID: 0}
    - target: {fileID: 66354212902321518, guid: bfc6b835e8ded394186fcc194d21368d,
        type: 2}
      propertyPath: m_ColliderPaths.Array.data[0].m_ColliderPaths.Array.data[0].Array.data[6].X
      value: 130000000
      objectReference: {fileID: 0}
    - target: {fileID: 66354212902321518, guid: bfc6b835e8ded394186fcc194d21368d,
        type: 2}
      propertyPath: m_ColliderPaths.Array.data[0].m_ColliderPaths.Array.data[0].Array.data[7].X
      value: 130000000
      objectReference: {fileID: 0}
    - target: {fileID: 66354212902321518, guid: bfc6b835e8ded394186fcc194d21368d,
        type: 2}
      propertyPath: m_ColliderPaths.Array.data[0].m_ColliderPaths.Array.data[0].Array.data[7].Y
      value: -10000000
      objectReference: {fileID: 0}
    - target: {fileID: 66354212902321518, guid: bfc6b835e8ded394186fcc194d21368d,
        type: 2}
      propertyPath: m_ColliderPaths.Array.data[0].m_ColliderPaths.Array.data[0].Array.data[8].X
      value: 110000000
      objectReference: {fileID: 0}
    - target: {fileID: 66354212902321518, guid: bfc6b835e8ded394186fcc194d21368d,
        type: 2}
      propertyPath: m_ColliderPaths.Array.data[0].m_ColliderPaths.Array.data[0].Array.data[8].Y
      value: -10000000
      objectReference: {fileID: 0}
    - target: {fileID: 66354212902321518, guid: bfc6b835e8ded394186fcc194d21368d,
        type: 2}
      propertyPath: m_ColliderPaths.Array.data[0].m_ColliderPaths.Array.data[0].Array.data[9].X
      value: 110000000
      objectReference: {fileID: 0}
    - target: {fileID: 66354212902321518, guid: bfc6b835e8ded394186fcc194d21368d,
        type: 2}
      propertyPath: m_ColliderPaths.Array.data[0].m_ColliderPaths.Array.data[0].Array.data[10].X
      value: -120000000
      objectReference: {fileID: 0}
    - target: {fileID: 66354212902321518, guid: bfc6b835e8ded394186fcc194d21368d,
        type: 2}
      propertyPath: m_ColliderPaths.Array.data[0].m_ColliderPaths.Array.data[0].Array.data[11].X
      value: -120000000
      objectReference: {fileID: 0}
    - target: {fileID: 66354212902321518, guid: bfc6b835e8ded394186fcc194d21368d,
        type: 2}
      propertyPath: m_ColliderPaths.Array.data[0].m_ColliderPaths.Array.data[0].Array.data[11].Y
      value: 100000000
      objectReference: {fileID: 0}
    - target: {fileID: 66354212902321518, guid: bfc6b835e8ded394186fcc194d21368d,
        type: 2}
      propertyPath: m_ColliderPaths.Array.data[0].m_ColliderPaths.Array.data[0].Array.data[12].Y
      value: 100000000
      objectReference: {fileID: 0}
    - target: {fileID: 66354212902321518, guid: bfc6b835e8ded394186fcc194d21368d,
        type: 2}
      propertyPath: m_ColliderPaths.Array.data[0].m_ColliderPaths.Array.data[0].Array.data[13].Y
      value: 40000000
      objectReference: {fileID: 0}
    - target: {fileID: 66354212902321518, guid: bfc6b835e8ded394186fcc194d21368d,
        type: 2}
      propertyPath: m_ColliderPaths.Array.data[0].m_ColliderPaths.Array.data[0].Array.data[14].X
      value: 130000000
      objectReference: {fileID: 0}
    - target: {fileID: 66354212902321518, guid: bfc6b835e8ded394186fcc194d21368d,
        type: 2}
      propertyPath: m_ColliderPaths.Array.data[0].m_ColliderPaths.Array.data[0].Array.data[14].Y
      value: 40000000
      objectReference: {fileID: 0}
    - target: {fileID: 66354212902321518, guid: bfc6b835e8ded394186fcc194d21368d,
        type: 2}
      propertyPath: m_ColliderPaths.Array.data[0].m_ColliderPaths.Array.data[0].Array.data[15].X
      value: 130000000
      objectReference: {fileID: 0}
    - target: {fileID: 66354212902321518, guid: bfc6b835e8ded394186fcc194d21368d,
        type: 2}
      propertyPath: m_ColliderPaths.Array.data[0].m_ColliderPaths.Array.data[0].Array.data[15].Y
      value: 150000000
      objectReference: {fileID: 0}
    - target: {fileID: 66354212902321518, guid: bfc6b835e8ded394186fcc194d21368d,
        type: 2}
      propertyPath: m_ColliderPaths.Array.data[0].m_ColliderPaths.Array.data[0].Array.data[16].X
      value: -180000000
      objectReference: {fileID: 0}
    - target: {fileID: 66354212902321518, guid: bfc6b835e8ded394186fcc194d21368d,
        type: 2}
      propertyPath: m_ColliderPaths.Array.data[0].m_ColliderPaths.Array.data[0].Array.data[16].Y
      value: 150000000
      objectReference: {fileID: 0}
    - target: {fileID: 66354212902321518, guid: bfc6b835e8ded394186fcc194d21368d,
        type: 2}
      propertyPath: m_ColliderPaths.Array.data[0].m_ColliderPaths.Array.data[0].Array.data[17].X
      value: -180000000
      objectReference: {fileID: 0}
    - target: {fileID: 66354212902321518, guid: bfc6b835e8ded394186fcc194d21368d,
        type: 2}
      propertyPath: m_ColliderPaths.Array.data[0].m_ColliderPaths.Array.data[0].Array.data[17].Y
      value: -30000000
      objectReference: {fileID: 0}
    - target: {fileID: 66354212902321518, guid: bfc6b835e8ded394186fcc194d21368d,
        type: 2}
      propertyPath: m_ColliderPaths.Array.data[0].m_ColliderPaths.Array.data[0].Array.data[18].X
      value: -960000000
      objectReference: {fileID: 0}
    - target: {fileID: 66354212902321518, guid: bfc6b835e8ded394186fcc194d21368d,
        type: 2}
      propertyPath: m_ColliderPaths.Array.data[0].m_ColliderPaths.Array.data[0].Array.data[18].Y
      value: -30000000
      objectReference: {fileID: 0}
    - target: {fileID: 66354212902321518, guid: bfc6b835e8ded394186fcc194d21368d,
        type: 2}
      propertyPath: m_ColliderPaths.Array.data[0].m_ColliderPaths.Array.data[0].Array.data[19].X
      value: -960000000
      objectReference: {fileID: 0}
    - target: {fileID: 66354212902321518, guid: bfc6b835e8ded394186fcc194d21368d,
        type: 2}
      propertyPath: m_ColliderPaths.Array.data[0].m_ColliderPaths.Array.data[0].Array.data[19].Y
      value: -40000000
      objectReference: {fileID: 0}
    - target: {fileID: 66354212902321518, guid: bfc6b835e8ded394186fcc194d21368d,
        type: 2}
      propertyPath: m_ColliderPaths.Array.data[0].m_ColliderPaths.Array.data[0].Array.data[20].Y
      value: -40000000
      objectReference: {fileID: 0}
    - target: {fileID: 66354212902321518, guid: bfc6b835e8ded394186fcc194d21368d,
        type: 2}
      propertyPath: m_ColliderPaths.Array.data[0].m_ColliderPaths.Array.data[0].Array.data[21].Y
      value: -50000000
      objectReference: {fileID: 0}
    - target: {fileID: 66354212902321518, guid: bfc6b835e8ded394186fcc194d21368d,
        type: 2}
      propertyPath: m_ColliderPaths.Array.data[0].m_ColliderPaths.Array.data[0].Array.data[22].X
      value: 910000000
      objectReference: {fileID: 0}
    - target: {fileID: 66354212902321518, guid: bfc6b835e8ded394186fcc194d21368d,
        type: 2}
      propertyPath: m_ColliderPaths.Array.data[0].m_ColliderPaths.Array.data[0].Array.data[22].Y
      value: -50000000
      objectReference: {fileID: 0}
    - target: {fileID: 66354212902321518, guid: bfc6b835e8ded394186fcc194d21368d,
        type: 2}
      propertyPath: m_ColliderPaths.Array.data[0].m_ColliderPaths.Array.data[0].Array.data[23].X
      value: 910000000
      objectReference: {fileID: 0}
    - target: {fileID: 66354212902321518, guid: bfc6b835e8ded394186fcc194d21368d,
        type: 2}
      propertyPath: m_ColliderPaths.Array.data[0].m_ColliderPaths.Array.data[0].Array.data[23].Y
      value: -110000000
      objectReference: {fileID: 0}
    - target: {fileID: 66354212902321518, guid: bfc6b835e8ded394186fcc194d21368d,
        type: 2}
      propertyPath: m_ColliderPaths.Array.data[0].m_ColliderPaths.Array.data[0].Array.data[24].X
      value: 1240000000
      objectReference: {fileID: 0}
    - target: {fileID: 66354212902321518, guid: bfc6b835e8ded394186fcc194d21368d,
        type: 2}
      propertyPath: m_ColliderPaths.Array.data[0].m_ColliderPaths.Array.data[0].Array.data[24].Y
      value: -110000000
      objectReference: {fileID: 0}
    - target: {fileID: 66354212902321518, guid: bfc6b835e8ded394186fcc194d21368d,
        type: 2}
      propertyPath: m_ColliderPaths.Array.data[0].m_ColliderPaths.Array.data[0].Array.data[25].X
      value: 1240000000
      objectReference: {fileID: 0}
    - target: {fileID: 66354212902321518, guid: bfc6b835e8ded394186fcc194d21368d,
        type: 2}
      propertyPath: m_ColliderPaths.Array.data[0].m_ColliderPaths.Array.data[0].Array.data[25].Y
      value: -30000000
      objectReference: {fileID: 0}
    - target: {fileID: 66354212902321518, guid: bfc6b835e8ded394186fcc194d21368d,
        type: 2}
      propertyPath: m_ColliderPaths.Array.data[0].m_ColliderPaths.Array.data[0].Array.data[26].X
      value: 1190000000
      objectReference: {fileID: 0}
    - target: {fileID: 66354212902321518, guid: bfc6b835e8ded394186fcc194d21368d,
        type: 2}
      propertyPath: m_ColliderPaths.Array.data[0].m_ColliderPaths.Array.data[0].Array.data[26].Y
      value: -30000000
      objectReference: {fileID: 0}
    - target: {fileID: 66354212902321518, guid: bfc6b835e8ded394186fcc194d21368d,
        type: 2}
      propertyPath: m_ColliderPaths.Array.data[0].m_ColliderPaths.Array.data[0].Array.data[27].X
      value: 1190000000
      objectReference: {fileID: 0}
    - target: {fileID: 66354212902321518, guid: bfc6b835e8ded394186fcc194d21368d,
        type: 2}
      propertyPath: m_ColliderPaths.Array.data[0].m_ColliderPaths.Array.data[0].Array.data[27].Y
      value: -100000000
      objectReference: {fileID: 0}
    - target: {fileID: 66354212902321518, guid: bfc6b835e8ded394186fcc194d21368d,
        type: 2}
      propertyPath: m_ColliderPaths.Array.data[0].m_ColliderPaths.Array.data[0].Array.data[28].X
      value: 1130000000
      objectReference: {fileID: 0}
    - target: {fileID: 66354212902321518, guid: bfc6b835e8ded394186fcc194d21368d,
        type: 2}
      propertyPath: m_ColliderPaths.Array.data[0].m_ColliderPaths.Array.data[0].Array.data[28].Y
      value: -100000000
      objectReference: {fileID: 0}
    - target: {fileID: 66354212902321518, guid: bfc6b835e8ded394186fcc194d21368d,
        type: 2}
      propertyPath: m_ColliderPaths.Array.data[0].m_ColliderPaths.Array.data[0].Array.data[29].X
      value: 1130000000
      objectReference: {fileID: 0}
    - target: {fileID: 66354212902321518, guid: bfc6b835e8ded394186fcc194d21368d,
        type: 2}
      propertyPath: m_ColliderPaths.Array.data[0].m_ColliderPaths.Array.data[0].Array.data[30].X
      value: 1090000000
      objectReference: {fileID: 0}
    - target: {fileID: 66354212902321518, guid: bfc6b835e8ded394186fcc194d21368d,
        type: 2}
      propertyPath: m_ColliderPaths.Array.data[0].m_ColliderPaths.Array.data[0].Array.data[31].X
      value: 1090000000
      objectReference: {fileID: 0}
    m_RemovedComponents: []
  m_SourcePrefab: {fileID: 100100000, guid: bfc6b835e8ded394186fcc194d21368d, type: 2}
  m_IsPrefabAsset: 0
--- !u!1 &1547143974
GameObject:
  m_ObjectHideFlags: 0
  m_CorrespondingSourceObject: {fileID: 1564796833977972, guid: 5d3f36428d83bae45b180466cc3d6033,
    type: 2}
  m_PrefabInternal: {fileID: 0}
  serializedVersion: 6
  m_Component:
  - component: {fileID: 1547143975}
  - component: {fileID: 1547143976}
  m_Layer: 0
  m_Name: UpdateManager
  m_TagString: Untagged
  m_Icon: {fileID: 0}
  m_NavMeshLayer: 0
  m_StaticEditorFlags: 0
  m_IsActive: 1
--- !u!4 &1547143975
Transform:
  m_ObjectHideFlags: 0
  m_CorrespondingSourceObject: {fileID: 4510742701381678, guid: 5d3f36428d83bae45b180466cc3d6033,
    type: 2}
  m_PrefabInternal: {fileID: 0}
  m_GameObject: {fileID: 1547143974}
  m_LocalRotation: {x: -0, y: -0, z: -0, w: 1}
  m_LocalPosition: {x: 2.0157833, y: 0.68746376, z: -0.024626669}
  m_LocalScale: {x: 1, y: 1, z: 1}
  m_Children: []
  m_Father: {fileID: 976522026}
  m_RootOrder: 0
  m_LocalEulerAnglesHint: {x: 0, y: 0, z: 0}
--- !u!114 &1547143976
MonoBehaviour:
  m_ObjectHideFlags: 0
  m_CorrespondingSourceObject: {fileID: 114838329463078182, guid: 5d3f36428d83bae45b180466cc3d6033,
    type: 2}
  m_PrefabInternal: {fileID: 0}
  m_GameObject: {fileID: 1547143974}
  m_Enabled: 1
  m_EditorHideFlags: 0
  m_Script: {fileID: 11500000, guid: e8ba0bdf5b1de1f45b8f7267c9a3b1eb, type: 3}
  m_Name: 
  m_EditorClassIdentifier: 
--- !u!1001 &1923789914
Prefab:
  m_ObjectHideFlags: 0
  serializedVersion: 2
  m_Modification:
    m_TransformParent: {fileID: 0}
    m_Modifications:
    - target: {fileID: 4051048275630716, guid: e050a6fc9e85cd1479f319fd81597afe, type: 2}
      propertyPath: m_LocalPosition.x
      value: 106.32163
      objectReference: {fileID: 0}
    - target: {fileID: 4051048275630716, guid: e050a6fc9e85cd1479f319fd81597afe, type: 2}
      propertyPath: m_LocalPosition.y
      value: 1.4042594
      objectReference: {fileID: 0}
    - target: {fileID: 4051048275630716, guid: e050a6fc9e85cd1479f319fd81597afe, type: 2}
      propertyPath: m_LocalPosition.z
      value: -0.10074694
      objectReference: {fileID: 0}
    - target: {fileID: 4051048275630716, guid: e050a6fc9e85cd1479f319fd81597afe, type: 2}
      propertyPath: m_LocalRotation.x
      value: 0
      objectReference: {fileID: 0}
    - target: {fileID: 4051048275630716, guid: e050a6fc9e85cd1479f319fd81597afe, type: 2}
      propertyPath: m_LocalRotation.y
      value: 0
      objectReference: {fileID: 0}
    - target: {fileID: 4051048275630716, guid: e050a6fc9e85cd1479f319fd81597afe, type: 2}
      propertyPath: m_LocalRotation.z
      value: 0
      objectReference: {fileID: 0}
    - target: {fileID: 4051048275630716, guid: e050a6fc9e85cd1479f319fd81597afe, type: 2}
      propertyPath: m_LocalRotation.w
      value: 1
      objectReference: {fileID: 0}
    - target: {fileID: 4051048275630716, guid: e050a6fc9e85cd1479f319fd81597afe, type: 2}
      propertyPath: m_RootOrder
      value: 7
      objectReference: {fileID: 0}
    m_RemovedComponents: []
  m_SourcePrefab: {fileID: 100100000, guid: e050a6fc9e85cd1479f319fd81597afe, type: 2}
  m_IsPrefabAsset: 0
--- !u!1 &1929079095
GameObject:
  m_ObjectHideFlags: 0
  m_CorrespondingSourceObject: {fileID: 1352679614647036, guid: 5d3f36428d83bae45b180466cc3d6033,
    type: 2}
  m_PrefabInternal: {fileID: 0}
  serializedVersion: 6
  m_Component:
  - component: {fileID: 1929079096}
  m_Layer: 0
  m_Name: AfterImagePool
  m_TagString: Untagged
  m_Icon: {fileID: 0}
  m_NavMeshLayer: 0
  m_StaticEditorFlags: 0
  m_IsActive: 1
--- !u!4 &1929079096
Transform:
  m_ObjectHideFlags: 0
  m_CorrespondingSourceObject: {fileID: 4361259430907088, guid: 5d3f36428d83bae45b180466cc3d6033,
    type: 2}
  m_PrefabInternal: {fileID: 0}
  m_GameObject: {fileID: 1929079095}
  m_LocalRotation: {x: 0, y: 0, z: 0, w: 1}
  m_LocalPosition: {x: 0, y: 0, z: 0}
  m_LocalScale: {x: 1, y: 1, z: 1}
  m_Children: []
  m_Father: {fileID: 27514272}
  m_RootOrder: 2
  m_LocalEulerAnglesHint: {x: 0, y: 0, z: 0}
--- !u!1001 &2095267024
Prefab:
  m_ObjectHideFlags: 0
  serializedVersion: 2
  m_Modification:
    m_TransformParent: {fileID: 0}
    m_Modifications:
    - target: {fileID: 4396149718516450, guid: 0ebc3098a8af9174f9ccb2e1d8d05679, type: 2}
      propertyPath: m_LocalPosition.x
      value: -5.076081
      objectReference: {fileID: 0}
    - target: {fileID: 4396149718516450, guid: 0ebc3098a8af9174f9ccb2e1d8d05679, type: 2}
      propertyPath: m_LocalPosition.y
      value: 1.892149
      objectReference: {fileID: 0}
    - target: {fileID: 4396149718516450, guid: 0ebc3098a8af9174f9ccb2e1d8d05679, type: 2}
      propertyPath: m_LocalPosition.z
      value: 0.7265625
      objectReference: {fileID: 0}
    - target: {fileID: 4396149718516450, guid: 0ebc3098a8af9174f9ccb2e1d8d05679, type: 2}
      propertyPath: m_LocalRotation.x
      value: 0
      objectReference: {fileID: 0}
    - target: {fileID: 4396149718516450, guid: 0ebc3098a8af9174f9ccb2e1d8d05679, type: 2}
      propertyPath: m_LocalRotation.y
      value: 0
      objectReference: {fileID: 0}
    - target: {fileID: 4396149718516450, guid: 0ebc3098a8af9174f9ccb2e1d8d05679, type: 2}
      propertyPath: m_LocalRotation.z
      value: 0
      objectReference: {fileID: 0}
    - target: {fileID: 4396149718516450, guid: 0ebc3098a8af9174f9ccb2e1d8d05679, type: 2}
      propertyPath: m_LocalRotation.w
      value: 1
      objectReference: {fileID: 0}
    - target: {fileID: 4396149718516450, guid: 0ebc3098a8af9174f9ccb2e1d8d05679, type: 2}
      propertyPath: m_RootOrder
      value: 11
      objectReference: {fileID: 0}
    m_RemovedComponents: []
  m_SourcePrefab: {fileID: 100100000, guid: 0ebc3098a8af9174f9ccb2e1d8d05679, type: 2}
  m_IsPrefabAsset: 0
--- !u!1 &2116003240
GameObject:
  m_ObjectHideFlags: 0
  m_CorrespondingSourceObject: {fileID: 1611965125070712, guid: 5d3f36428d83bae45b180466cc3d6033,
    type: 2}
  m_PrefabInternal: {fileID: 0}
  serializedVersion: 6
  m_Component:
  - component: {fileID: 2116003241}
  - component: {fileID: 2116003242}
  m_Layer: 0
  m_Name: TimeManager
  m_TagString: Untagged
  m_Icon: {fileID: 0}
  m_NavMeshLayer: 0
  m_StaticEditorFlags: 0
  m_IsActive: 1
--- !u!4 &2116003241
Transform:
  m_ObjectHideFlags: 0
  m_CorrespondingSourceObject: {fileID: 4545759959038768, guid: 5d3f36428d83bae45b180466cc3d6033,
    type: 2}
  m_PrefabInternal: {fileID: 0}
  m_GameObject: {fileID: 2116003240}
  m_LocalRotation: {x: 0, y: 0, z: 0, w: 1}
  m_LocalPosition: {x: 0, y: 0, z: 0}
  m_LocalScale: {x: 1, y: 1, z: 1}
  m_Children: []
  m_Father: {fileID: 976522026}
  m_RootOrder: 2
  m_LocalEulerAnglesHint: {x: 0, y: 0, z: 0}
--- !u!114 &2116003242
MonoBehaviour:
  m_ObjectHideFlags: 0
  m_CorrespondingSourceObject: {fileID: 114277867018773830, guid: 5d3f36428d83bae45b180466cc3d6033,
    type: 2}
  m_PrefabInternal: {fileID: 0}
  m_GameObject: {fileID: 2116003240}
  m_Enabled: 1
  m_EditorHideFlags: 0
  m_Script: {fileID: 11500000, guid: 04244381d9822754799c6ce1e66d1976, type: 3}
  m_Name: 
  m_EditorClassIdentifier: 
--- !u!1 &2123703585
GameObject:
  m_ObjectHideFlags: 0
  m_CorrespondingSourceObject: {fileID: 1259717582820280, guid: 5d3f36428d83bae45b180466cc3d6033,
    type: 2}
  m_PrefabInternal: {fileID: 0}
  serializedVersion: 6
  m_Component:
  - component: {fileID: 2123703587}
  - component: {fileID: 2123703586}
  m_Layer: 0
  m_Name: OnEnableFadeOut
  m_TagString: Untagged
  m_Icon: {fileID: 0}
  m_NavMeshLayer: 0
  m_StaticEditorFlags: 0
  m_IsActive: 0
--- !u!114 &2123703586
MonoBehaviour:
  m_ObjectHideFlags: 0
  m_CorrespondingSourceObject: {fileID: 114492229568281874, guid: 5d3f36428d83bae45b180466cc3d6033,
    type: 2}
  m_PrefabInternal: {fileID: 0}
  m_GameObject: {fileID: 2123703585}
  m_Enabled: 1
  m_EditorHideFlags: 0
  m_Script: {fileID: 11500000, guid: 558b108936b713745b8953dfcbdba11e, type: 3}
  m_Name: 
  m_EditorClassIdentifier: 
  duration: 1
--- !u!4 &2123703587
Transform:
  m_ObjectHideFlags: 0
  m_CorrespondingSourceObject: {fileID: 4150414561422716, guid: 5d3f36428d83bae45b180466cc3d6033,
    type: 2}
  m_PrefabInternal: {fileID: 0}
  m_GameObject: {fileID: 2123703585}
  m_LocalRotation: {x: 0, y: 0, z: 0, w: 1}
  m_LocalPosition: {x: 0, y: 0, z: 0}
  m_LocalScale: {x: 1, y: 1, z: 1}
  m_Children: []
  m_Father: {fileID: 1501849175}
  m_RootOrder: 1
  m_LocalEulerAnglesHint: {x: 0, y: 0, z: 0}
--- !u!1 &2131824510
GameObject:
  m_ObjectHideFlags: 0
  m_CorrespondingSourceObject: {fileID: 1531816658492326, guid: 5d3f36428d83bae45b180466cc3d6033,
    type: 2}
  m_PrefabInternal: {fileID: 0}
  serializedVersion: 6
  m_Component:
  - component: {fileID: 2131824511}
  - component: {fileID: 2131824513}
  - component: {fileID: 2131824512}
  m_Layer: 0
  m_Name: InputManager
  m_TagString: Untagged
  m_Icon: {fileID: 0}
  m_NavMeshLayer: 0
  m_StaticEditorFlags: 0
  m_IsActive: 1
--- !u!4 &2131824511
Transform:
  m_ObjectHideFlags: 0
  m_CorrespondingSourceObject: {fileID: 4039216029854362, guid: 5d3f36428d83bae45b180466cc3d6033,
    type: 2}
  m_PrefabInternal: {fileID: 0}
  m_GameObject: {fileID: 2131824510}
  m_LocalRotation: {x: -0, y: -0, z: -0, w: 1}
  m_LocalPosition: {x: 0, y: 0, z: 0}
  m_LocalScale: {x: 1, y: 1, z: 1}
  m_Children: []
  m_Father: {fileID: 976522026}
  m_RootOrder: 1
  m_LocalEulerAnglesHint: {x: 0, y: 0, z: 0}
--- !u!114 &2131824512
MonoBehaviour:
  m_ObjectHideFlags: 0
  m_CorrespondingSourceObject: {fileID: 114934878773841204, guid: 5d3f36428d83bae45b180466cc3d6033,
    type: 2}
  m_PrefabInternal: {fileID: 0}
  m_GameObject: {fileID: 2131824510}
  m_Enabled: 1
  m_EditorHideFlags: 0
  m_Script: {fileID: 11500000, guid: 224a875b75bf39b4f9446300ecb885be, type: 3}
  m_Name: 
  m_EditorClassIdentifier: 
--- !u!114 &2131824513
MonoBehaviour:
  m_ObjectHideFlags: 0
  m_CorrespondingSourceObject: {fileID: 114881689744463258, guid: 5d3f36428d83bae45b180466cc3d6033,
    type: 2}
  m_PrefabInternal: {fileID: 0}
  m_GameObject: {fileID: 2131824510}
  m_Enabled: 1
  m_EditorHideFlags: 0
  m_Script: {fileID: 11500000, guid: 68736e21d449f104bb510a45cc1e3657, type: 3}
  m_Name: 
  m_EditorClassIdentifier: 
  inputConfig: {fileID: 11400000, guid: 795fb98e032750545ba8d90d58645512, type: 2}
